<?xml version="1.0" encoding="UTF-8"?><collection xmlns="http://www.loc.gov/MARC21/slim"><record><leader>00285nam--2200109-i-4500</leader><controlfield tag="001">000037664</controlfield><controlfield tag="002">20161230</controlfield><controlfield tag="005">20161230201041</controlfield><controlfield tag="008">060222s1000------------r-----000-0-eng-d</controlfield><datafield ind1=" " ind2=" " tag="245"><subfield code="a">Le projet regional mediterraneen. grece. raport par pays</subfield></datafield><datafield ind1=" " ind2=" " tag="260"><subfield code="a">Paris, Ocde, 1965. 222 P</subfield></datafield><datafield ind1=" " ind2=" " tag="852"><subfield code="a">23968</subfield></datafield></record></collection>